<record><leader>00000cas a22000007a 4500</leader><controlfield tag="001">19760774</controlfield><controlfield tag="008">890524d19091914couwr ne      0    0eng d</controlfield><datafield ind1=" " ind2=" " tag="010"><subfield code="a">sn 89052157 </subfield></datafield><datafield ind1=" " ind2=" " tag="040"><subfield code="a">CNQ</subfield><subfield code="b">eng</subfield><subfield code="c">CNQ</subfield><subfield code="d">NSD</subfield><subfield code="d">OCLCQ</subfield></datafield><datafield ind1=" " ind2=" " tag="042"><subfield code="a">msc</subfield></datafield><datafield ind1="0" ind2="0" tag="245"><subfield code="a">Summit County journal and Breckenridge bulletin.</subfield></datafield><datafield ind1=" " ind2=" " tag="260"><subfield code="a">Breckenridge, Colo. :</subfield><subfield code="b">J.W. Swisher</subfield></datafield><datafield ind1=" " ind2=" " tag="300"><subfield code="a">v.</subfield></datafield><datafield ind1=" " ind2=" " tag="310"><subfield code="a">Weekly</subfield></datafield><datafield ind1="0" ind2=" " tag="362"><subfield code="a">Vol. 30, no. 11 (Oct. 2, 1909)-v. 35, no. 6 (Aug. 14, 1914).</subfield></datafield><datafield ind1=" " ind2=" " tag="515"><subfield code="a">Journal, Vol. 30, no. 11 (Oct. 2, 1909)-Journal, v. 31, no. 52 (July 8, 1911) called also Bulletin, v. 13, no. 26-Bulletin, v. 16, no. 15.</subfield></datafield><datafield ind1=" " ind2=" " tag="530"><subfield code="a">Available on microfilm from the Colorado Historical Society.</subfield></datafield><datafield ind1=" " ind2=" " tag="752"><subfield code="a">United States</subfield><subfield code="b">Colorado</subfield><subfield code="c">Summit</subfield><subfield code="d">Breckenridge.</subfield></datafield><datafield ind1="0" ind2="4" tag="780"><subfield code="t">Summit County journal</subfield><subfield code="w">(DLC)sn 86066910</subfield></datafield><datafield ind1="0" ind2="4" tag="780"><subfield code="t">Breckenridge bulletin (Breckenridge, Colo.)</subfield><subfield code="w">(DLC)sn 89052146</subfield></datafield><datafield ind1="0" ind2="0" tag="785"><subfield code="t">Summit County journal (Breckenridge, Colo. : 1914)</subfield><subfield code="x">1082-6831</subfield><subfield code="w">(DLC)sn 89052218</subfield></datafield></record>